@Article{reportHCERES,
	author = {Pierre FRAIGNIAUD},
	title = {{É}valuation du {HCERES} sur l’unité : {L}aboratoire de l’{I}nformatique du {P}arallélisme},
	journal = {Haut Conseil de la Recherche et de l'Enseignement Supérieur},
	year = {2015},
	pages = {5--6}
}

@Article{labelsRecherche,
	author = {Direction de la recherche de Grenoble INP},
	title = {Les labels des unités de recherche},
	year = {19 Juillet 2012},
	pages = {1--2}
}

@Misc{organigramme,
	author = {Laboratoire de l'Informatique du Para},
	title = {Organigramme du LIP},
	howpublished = {\url{http://www.ens-lyon.fr/LIP/index.php/organization-chart}},
	year = {10 Avril 2018}
}
